% Encoding: UTF-8

@Article{Miranda2014,
  author    = {Alberto Miranda and Sascha Effert and Yangwook Kang and Ethan L. Miller and Ivan Popov and Andre Brinkmann and Tom Friedetzky and Toni Cortes},
  title     = {Random Slicing},
  doi       = {10.1145/2632230},
  number    = {3},
  pages     = {1--35},
  volume    = {10},
  file      = {:sources/Miranda2014.pdf:PDF},
  journal   = {{ACM} Transactions on Storage},
  month     = {jul},
  publisher = {Association for Computing Machinery ({ACM})},
  year      = {2014},
}

@WWW{Fritchie2018,
  author  = {Scott Lystig Fritchie},
  date    = {2018-08-26},
  title   = {A Critique of Resizable Hash Tables: Riak Core \& Random Slicing},
  url     = {https://www.infoq.com/articles/dynamo-riak-random-slicing/},
  urldate = {2020-06-03},
  file    = {:sources/Fritchie2018.pdf:PDF},
}

@Article{DeCandia2007,
  author    = {Giuseppe DeCandia and Deniz Hastorun and Madan Jampani and Gunavardhan Kakulapati and Avinash Lakshman and Alex Pilchin and Swaminathan Sivasubramanian and Peter Vosshall and Werner Vogels},
  title     = {Dynamo},
  doi       = {10.1145/1323293.1294281},
  number    = {6},
  pages     = {205--220},
  volume    = {41},
  file      = {:sources/DeCandia2007.pdf:PDF},
  journal   = {{ACM} {SIGOPS} Operating Systems Review},
  month     = {oct},
  publisher = {Association for Computing Machinery ({ACM})},
  year      = {2007},
}

@Article{Mansouri2016,
  author    = {Najme Mansouri},
  title     = {Adaptive data replication strategy in cloud computing for performance improvement},
  doi       = {10.1007/s11704-016-5182-6},
  number    = {5},
  pages     = {925--935},
  volume    = {10},
  file      = {:sources/Mansouri2016.pdf:PDF},
  journal   = {Frontiers of Computer Science},
  month     = {jun},
  publisher = {Springer Science and Business Media {LLC}},
  year      = {2016},
}

@Article{Lakshman2010,
  author    = {Lakshman, Avinash and Malik, Prashant},
  title     = {Cassandra: a decentralized structured storage system},
  number    = {2},
  pages     = {35--40},
  volume    = {44},
  file      = {:sources/Lakshman2010.pdf:PDF},
  journal   = {ACM SIGOPS Operating Systems Review},
  publisher = {ACM New York, NY, USA},
  year      = {2010},
}

@InProceedings{Fritchie2010,
  author    = {Fritchie, Scott Lystig},
  booktitle = {Proceedings of the 9th ACM SIGPLAN workshop on Erlang},
  title     = {Chain replication in theory and in practice},
  pages     = {33--44},
  file      = {:sources/Fritchie2010.pdf:PDF},
  year      = {2010},
}

@WWW{Hibari2015,
  author  = {{Hibari Developers}},
  date    = {2015},
  title   = {Hibari DB},
  url     = {https://hibari.readthedocs.io/en/latest/index.html},
  urldate = {2020-07-06},
}

@InProceedings{Hunt2010,
  author    = {Hunt, Patrick and Konar, Mahadev and Junqueira, Flavio Paiva and Reed, Benjamin},
  booktitle = {USENIX annual technical conference},
  title     = {ZooKeeper: Wait-free Coordination for Internet-scale Systems.},
  number    = {9},
  volume    = {8},
  file      = {:sources/Hunt2010.pdf:PDF},
  year      = {2010},
}

@InProceedings{Park2020,
  author    = {Park, Gahyun and Kwon, Minseok and Tamilselvan, Ramprasad and Lee, Seungjoon},
  booktitle = {APOCS},
  title     = {Two-Way Trees: A Distributed Algorithm for Efficient Replica Search and Placement.},
  pages     = {133--146},
  file      = {:sources/Park2020.pdf:PDF},
  year      = {2020},
}

@InProceedings{Brinkmann2007,
  author    = {A. Brinkmann and S. Effert and F. Meyer auf der Heide},
  booktitle = {27th International Conference on Distributed Computing Systems ({ICDCS} {\textquotesingle}07)},
  title     = {Dynamic and Redundant Data Placement},
  doi       = {10.1109/icdcs.2007.103},
  publisher = {{IEEE}},
  file      = {:sources/Brinkmann2007.pdf:PDF},
  year      = {2007},
}

@InProceedings{Karger1997,
  author    = {Karger, David and Lehman, Eric and Leighton, Tom and Panigrahy, Rina and Levine, Matthew and Lewin, Daniel},
  booktitle = {Proceedings of the twenty-ninth annual ACM symposium on Theory of computing},
  title     = {Consistent hashing and random trees: Distributed caching protocols for relieving hot spots on the world wide web},
  pages     = {654--663},
  file      = {:sources/Karger1997.pdf:PDF},
  year      = {1997},
}

@InProceedings{Renesse2004,
  author    = {Van Renesse, Robbert and Schneider, Fred B},
  booktitle = {OSDI},
  title     = {Chain Replication for Supporting High Throughput and Availability.},
  number    = {91--104},
  volume    = {4},
  year      = {2004},
}

@InProceedings{Ghemawat2003,
  author    = {Ghemawat, Sanjay and Gobioff, Howard and Leung, Shun-Tak},
  booktitle = {Proceedings of the nineteenth ACM symposium on Operating systems principles},
  title     = {The Google file system},
  pages     = {29--43},
  file      = {:sources/Ghemawat2003.pdf:PDF},
  year      = {2003},
}

@WWW{Cassandra2016,
  author  = {{The Apache Software Foundation}},
  date    = {2016},
  title   = {Apache Cassandra},
  url     = {https://cassandra.apache.org/},
  urldate = {2020-07-16},
}

@Article{Stoica2003,
  author    = {I. Stoica and R. Morris and D. Liben-Nowell and D.R. Karger and M.F. Kaashoek and F. Dabek and H. Balakrishnan},
  title     = {Chord: a scalable peer-to-peer lookup protocol for internet applications},
  doi       = {10.1109/tnet.2002.808407},
  number    = {1},
  pages     = {17--32},
  volume    = {11},
  journal   = {{IEEE}/{ACM} Transactions on Networking},
  month     = {feb},
  publisher = {Institute of Electrical and Electronics Engineers ({IEEE})},
  year      = {2003},
}

@Misc{Eastlake2001,
  author    = {Eastlake 3rd, D and Jones, Paul},
  title     = {Rfc3174: Us secure hash algorithm 1 (sha1)},
  file      = {:sources/Eastlake2001.pdf:PDF},
  publisher = {RFC Editor},
  year      = {2001},
}

@Article{Blackman2018,
  author  = {Blackman, David and Vigna, Sebastiano},
  title   = {Scrambled linear pseudorandom number generators},
  journal = {arXiv preprint arXiv:1805.01407},
  year    = {2018},
}

@WWW{RiakCoreLiteTeam2020,
  author  = {{Riak Core Lite Team}},
  date    = {2020},
  title   = {Riak Core Lite},
  url     = {https://riak-core-lite.github.io/index.html},
  urldate = {2020-11-18},
}

@InProceedings{Cooper2010,
  author    = {Cooper, Brian F and Silberstein, Adam and Tam, Erwin and Ramakrishnan, Raghu and Sears, Russell},
  booktitle = {Proceedings of the 1st ACM symposium on Cloud computing},
  title     = {Benchmarking cloud serving systems with YCSB},
  pages     = {143--154},
  year      = {2010},
}

@WWW{Basho2021,
  author  = {{Basho Technologies}},
  date    = {2021-01-19},
  title   = {Riak},
  url     = {https://github.com/basho/riak},
  urldate = {2021-01-19},
}

@WWW{BashoCore2021,
  author  = {{Basho Technologies}},
  date    = {2021-01-19},
  title   = {Riak Core},
  url     = {https://github.com/basho/riak_core},
  urldate = {2021-01-19},
}

@WWW{Riak2011,
  author  = {Riak},
  date    = {2011-07-30},
  title   = {Introducing Riak Core},
  url     = {https://riak.com/posts/business/introducing-riak-core/index.html?p=6033.html},
  urldate = {2021-01-19},
}

@Article{Wang2010,
  author    = {Wang, Lizhe and Von Laszewski, Gregor and Younge, Andrew and He, Xi and Kunze, Marcel and Tao, Jie and Fu, Cheng},
  title     = {Cloud computing: a perspective study},
  number    = {2},
  pages     = {137--146},
  volume    = {28},
  journal   = {New Generation Computing},
  publisher = {Springer},
  year      = {2010},
}

@Article{Kansal2012,
  author    = {Kansal, Nidhi Jain and Chana, Inderveer},
  title     = {Cloud load balancing techniques: A step towards green computing},
  number    = {1},
  pages     = {238--246},
  volume    = {9},
  journal   = {IJCSI International Journal of Computer Science Issues},
  publisher = {sn},
  year      = {2012},
}

@Comment{jabref-meta: databaseType:biblatex;}
